<record><leader>00000cas a22000007a 4500</leader><controlfield tag="001">15203632</controlfield><controlfield tag="008">870217d18911926iauwr ne      0    0eng d</controlfield><datafield ind1=" " ind2=" " tag="010"><subfield code="a">sn 87057359 </subfield></datafield><datafield ind1=" " ind2=" " tag="040"><subfield code="a">INP</subfield><subfield code="b">eng</subfield><subfield code="c">INP</subfield><subfield code="d">OCLCQ</subfield></datafield><datafield ind1=" " ind2=" " tag="042"><subfield code="a">msc</subfield></datafield><datafield ind1="0" ind2=" " tag="130"><subfield code="a">Ocheyedan press (Ocheyedan, Iowa : 1891)</subfield></datafield><datafield ind1="1" ind2="4" tag="245"><subfield code="a">The Ocheyedan press.</subfield></datafield><datafield ind1=" " ind2=" " tag="260"><subfield code="a">Ocheyedan, Osceola County, Iowa :</subfield><subfield code="b">[s.n.]</subfield></datafield><datafield ind1=" " ind2=" " tag="300"><subfield code="a">v. :</subfield><subfield code="b">ill.</subfield></datafield><datafield ind1=" " ind2=" " tag="310"><subfield code="a">Weekly</subfield></datafield><datafield ind1="1" ind2=" " tag="362"><subfield code="a">Issued Aug. 7, 1891-Nov. 1926.</subfield></datafield><datafield ind1=" " ind2=" " tag="500"><subfield code="a">Publisher varies.</subfield></datafield><datafield ind1=" " ind2=" " tag="588"><subfield code="a">Description based on: Vol. 25, no. 40 (May 3, 1916).</subfield></datafield><datafield ind1=" " ind2=" " tag="752"><subfield code="a">United States</subfield><subfield code="b">Iowa</subfield><subfield code="c">Osceola</subfield><subfield code="d">Ocheyedan.</subfield></datafield><datafield ind1="0" ind2="4" tag="785"><subfield code="t">Osceola County tribune (Sibley, Iowa : 1882)</subfield><subfield code="w">(DLC)sn 86060125</subfield></datafield></record>